@conference{sen1999proxy,
	title={{Proxy prefix caching for multimedia streams}},
	author={Sen, S. and Rexford, J. and Towsley, D.},
	booktitle={IEEE INFOCOM},
	volume={3},
	pages={1310--1319},
	year={1999},
	organization={Citeseer}
}

@conference{rejaie1999proxy,
	title={{Proxy caching mechanism for multimedia playback streams in the internet}},
	author={Rejaie, R. and Handley, M. and Yu, H. and Estrin, D.},
	booktitle={Proc. International Web Caching Workshop},
	year={1999},
	organization={Citeseer}
}

@conference{rejaie2000multimedia,
	title={{Multimedia proxy caching mechanism for quality adaptive streaming applications in the internet}},
	author={Rejaie, R. and Yu, H. and Handley, M. and Estrin, D.},
	booktitle={IEEE INFOCOM},
	volume={2},
	pages={980--989},
	year={2000},
	organization={Citeseer}
}

@conference{wu2001segment,
	title={{Segment-based proxy caching of multimedia streams}},
	author={Wu, K.L. and Yu, P.S. and Wolf, J.L.},
	booktitle={Proceedings of the 10th international conference on World Wide Web},
	pages={36--44},
	year={2001},
	organization={ACM New York, NY, USA}
}

@article{reisslein2002interactive,
	title={{Interactive video streaming with proxy servers}},
	author={Reisslein, M. and Hartanto, F. and Ross, K.W.},
	journal={Information Sciences},
	volume={140},
	number={1-2},
	pages={3--31},
	year={2002},
	publisher={Elsevier}
}

@article{ma2002reducing,
	title={{Reducing bandwidth requirement for delivering video over wide area networks with proxy server}},
	author={Ma, W. and Du, D.H.C.},
	journal={IEEE Transactions on Multimedia},
	volume={4},
	number={4},
	pages={539--550},
	year={2002},
	publisher={Institute of Electrical and Electronics Engineers, Inc, 445 Hoes Ln, Piscataway, NJ, 08854-1331, USA,}
}

@article{dan1997multimedia,
	title={{Multimedia caching strategies for heterogeneous application and server environments}},
	author={Dan, A. and Sitaram, D.},
	journal={Multimedia Tools and Applications},
	volume={4},
	number={3},
	pages={279--312},
	year={1997},
	publisher={Springer}
}

@conference{guo2004prop,
	title={{PROP: a scalable and reliable P2P assisted proxy streaming system}},
	author={Guo, L. and Chen, S. and Ren, S. and Chen, X. and Jiang, S.},
	booktitle={INTERNATIONAL CONFERENCE ON DISTRIBUTED COMPUTING SYSTEMS},
	volume={24},
	pages={778--786},
	year={2004},
	organization={IEEE Computer Society; 1999}
}

@article{chen2006design,
	title={{Design and Evaluation of a Scalable and Reliable P 2 P Assisted Proxy for On-Demand Streaming Media Delivery}},
	author={Chen, S. and Zhang, X.},
	journal={IEEE Transactions on Knowledge and Data Engineering},
	volume={18},
	number={5},
	pages={669--682},
	year={2006},
	publisher={Citeseer}
}

@article{saleh2006modeling,
	title={{Modeling and caching of peer-to-peer traffic}},
	author={Saleh, O.},
	year={2006},
}

@conference{tang2003medisyn,
  title={{Medisyn: A synthetic streaming media service workload generator}},
  author={Tang, W. and Fu, Y. and Cherkasova, L. and Vahdat, A.},
  booktitle={Proceedings of the 13th international workshop on Network and operating systems support for digital audio and video},
  pages={12--21},
  year={2003},
  organization={ACM New York, NY, USA}
}

@article{yu2006understanding,
  title={{Understanding user behavior in large-scale video-on-demand systems}},
  author={Yu, H. and Zheng, D. and Zhao, B.Y. and Zheng, W.},
  journal={ACM SIGOPS Operating Systems Review},
  volume={40},
  number={4},
  pages={344},
  year={2006},
  publisher={ACM}
}
